@book{GPS BOOK,
 author = {Misra, Pratap and Enge, Per},
 title = {Global Positioning System Signals, Measurements and Performance Revised Second Edition},
 year = {2011},
 publisher = {lcd},
} 




